@BOOK{mermin,
author = "N. David Mermin",
title = "Quantum Computer Science, An Introduction",
publisher = {Cambridge University Press},
address = {Cornell University, New York, USA},
month = sep,	    
year = 2007,
language = {Portuguese}
}
@BOOK{nielsen,
author = "Michael A. Nielsen and Isaac L. Chuang",
title = "Quantum Computation and Quantum Information",
publisher = {Cambridge University Press},
address = {Cornell University, New York, USA},	    
year = 2000,
language = {Portuguese}
}
@BOOK{gribbin,
author = "Gribbin, John",
title = "In Search of Schrodinger's Cat: Quantum Physics And Reality",
publisher = {Random House Publishing Group},
month = may,	    
year = 2011,
language = {English}
}
@MISC{qutip.org,
author = {P.D. Nation and J.R. Johansson},
title = {QuTiP - Quantum Toolbox in Python},
month = apr,
year = {2017},
howpublished={\url{http://http://qutip.org/}}
}
@MISC{qutipchangelog,
author = {P.D. Nation and J.R. Johansson},
title = {QuTiP - Change Log},
month = may,
year = {2017},
howpublished={\url{https://github.com/qutip/qutip-doc/blob/master/changelog.rst}}
}
@Misc{davyw,
author = {Davy Wybiral},
title = {Quantum Circuit Simulator},
month = apr,
year = {2017},
howpublished = {\url{http://www.davyw.com/quantum/}}
}
@Misc{gitdavyw,
author = {Davy Wybiral},
title = {Git project Quantum Circuit Simulator},
month = apr,
year = {2017},
howpublished = {\url{https://github.com/wybiral/quantum}}
}
@Misc{quirk,
author = {Craig Gidney},
title = {My Quantum Circuit Simulator: Quirk},
month = apr,
year = {2017},
howpublished = {\url{http://algassert.com/2016/05/22/quirk.html}}
}
@Misc{gitquirk,
author = {Craig Gidney},
title = {Git project Quirk},
month = apr,
year = {2017},
howpublished = {\url{https://github.com/Strilanc/Quirk}}
}
@Misc{simulatorList,
author = {Quantiki},
title = {List of QC simulators},
month = oct,
year = {2016},
howpublished = {\url{https://www.quantiki.org/wiki/list-qc-simulators}}
}
@Misc{wiredQC,
author = {Abigail Beall},
title = {Quantum computing: what is it and how does it differ to classical computing | WIRED UK},
month = may,
year = {2017},
howpublished = {\url{http://www.wired.co.uk/article/quantum-computing-explained}}
}
@Misc{pythonquotes,
author = {Python Software Foundation},
title = {Quotes about Python | Python.org},
month = may,
year = {2017},
howpublished = {\url{https://www.python.org/about/quotes/}}
}
@Misc{ryanbrown,
author = {Ryan Brown},
title = {Django vs Flask vs Pyramid: Choosing a Python Web Framework},
month = may,
year = {2017},
howpublished = {\url{https://www.airpair.com/python/posts/django-flask-pyramid}}
}
@Misc{stackoverflowtags,
author = {Stack Overflow},
title = {Tags - Stack Overflow},
month = may,
year = {2017},
howpublished = {\url{https://stackoverflow.com/tags}}
}
@Misc{github,
author = {GitHub},
title = {GitHub},
month = may,
year = {2017},
howpublished = {\url{https://github.com/}}
}
@Misc{pylonsproject,
author = {Pylons Project},
title = {Pylons Framework (deprecated) | Pylons Project},
month = may,
year = {2017},
howpublished = {\url{http://pylonsproject.org/about-pylons-framework.html}}
}
@Misc{pyramid,
author = {Pyramid},
title = {Welcome to Pyramid, a Python Web Framework},
month = may,
year = {2017},
howpublished = {\url{https://trypyramid.com/}}
}
@Misc{listadjangosites,
author = {Django sites},
title = {Latest Additions :: DjangoSites.org - Powered by Django},
month = jun,
year = {2017},
howpublished = {\url{https://www.djangosites.org/}}
}
@Misc{django,
author = {Django},
title = {The Web framework for perfectionists with deadlines | Django},
month = jun,
year = {2017},
howpublished = {\url{https://www.djangoproject.com/}}
}
@Misc{django-mvc,
author = {Django},
title = {Django afirma ser um framework MVC, mas ele chama o Controller de <view> e a View de <template>. Por que não usar os nomes padrões?},
month = jun,
year = {2017},
howpublished = {\url{https://docs.djangoproject.com/pt-br/1.11/faq/general/}}
}
@Misc{pyqu,
author = {Pyqu},
title = {pyqu - Python project - developer Fusion},
month = jun,
year = {2017},
howpublished = {\url{www.developerfusion.com/project/42536/pyqu/}}
}
@Misc{numpy,
author = {Numpy},
title = {Numpy},
month = jun,
year = {2017},
howpublished = {\url{http://www.numpy.org/}}
}
@Misc{qitensor,
author = {Qitensor},
title = {qitensor for quantum information in python},
month = jun,
year = {2017},
howpublished = {\url{http://www.stahlke.org/dan/qitensor}}
}
@Misc{qubiter,
author = {Qubiter},
title = {Python tools for reading, writing, compiling, simulating quantum computer circuits},
month = jun,
year = {2017},
howpublished = {\url{https://github.com/artiste-qb-net/qubiter}}
}
@Misc{jquery,
author = {The jQuery Foundation},
title = {JQuery},
month = jun,
year = {2017},
howpublished = {\url{https://jquery.com/}}
}
@Misc{mvc-murta,
author = {Leonardo Gresta Paulino Murta},
title = {Utilizando Servlets e JSP em conjunto},
month = jun,
year = {2017},
howpublished = {\url{http://www2.ic.uff.br/~leomurta/past/2015.1/dw/aula13.pdf}}
}
@Misc{json,
author = {JSON},
title = {Introducing JSON},
month = jun,
year = {2017},
howpublished = {\url{http://www.json.org/}}
}
@Misc{django-req-resp,
author = {Django},
title = {Request and response objects},
month = jun,
year = {2017},
howpublished = {\url{https://docs.djangoproject.com/en/1.11/ref/request-response/}}
}
@Misc{heroku,
author = {Heroku},
title = {Cloud Application Platform | Heroku},
month = jun,
year = {2017},
howpublished = {\url{https://www.heroku.com/}}
}
@Misc{heroku-python,
author = {Heroku},
title = {Getting Started on Heroku with Python},
month = jun,
year = {2017},
howpublished = {\url{https://devcenter.heroku.com/articles/getting-started-with-python}}
}